@article{d3,
  title = {D3: Data-Driven Documents},
  author = {Michael Bostock AND Vadim Ogievetsky AND Jeffrey Heer},
  journal = {InfoVis},
  year = {2011},
}

@article{monroe08,
  author = {Monroe, Burt L. and Colaresi, Michael P. and Quinn, Kevin M.},
  title = {Fightin' Words: Lexical Feature Selection and Evaluation for Identifying the Content of Political Conflict},
  journal = {Political Analysis},
  year = {2008},
}


@article{Been2007,
author = {Ken Been and Eli Daiches and Chee Yap},
title = {Dynamic Map Labeling},
journal = {IEEE-VCG},
year = {2007},
}

@inproceedings{joshi2010,
  author    = {Mahesh Joshi and
               Dipanjan Das and
               Kevin Gimpel and
               Noah A. Smith},
  title     = {Movie Reviews and Revenues: An Experiment in Text Regression},
  booktitle = {HLT-NAACL},
  year      = {2010},
}

@phdthesis{grimmer2010,
  title={Representational Style: The Central Role of Communication in Representation},
  author={Grimmer, Justin Ryan},
  year={2010},
  school={Harvard University}
}

@inproceedings{lee06,
	title = {Efficient {L1} Regularized Logistic Regression},
	author = {Su-In Lee and Honglak Lee and Pieter Abbeel and Andrew Y. Ng},
	booktitle = {AAAI},
	year = 2006,
}


@inproceedings{Hara2017,
  author = {Satoshi Hara and Takanori Maehara},
  booktitle = {AAAI},
  title = {Enumerate Lasso Solutions for Feature Selection},
  year = 2017
}


@inproceedings{Bitvai15,
  author    = {Zsolt Bitvai and Trevor Cohn},
  title     = {Non-Linear Text Regression with a Deep Convolutional Neural Network},
  booktitle = {ACL},
  year      = {2015},
}

@article{jurafsky2014,
	author = {Dan Jurafsky and Victor Chahuneau and Bryan Routledge and Noah Smith},
	title = {Narrative framing of consumer sentiment in online restaurant reviews},
    year = 2014,
	journal = {First Monday},
}

@article{schofield2016gender,
  title={Gender-Distinguishing Features in Film Dialogue},
  author={Schofield, Alexandra and Mehr, Leo},
  journal={NAACL-CLfL},
  year={2016}
}

@inproceedings{cozy,
   author = {Loncaric, Calvin and Torlak, Emina and Ernst, Michael D.},
   title = {Fast Synthesis of Fast Collections},
   booktitle = {PLDI},
   year = {2016},
} 
@article{tidytext,
	title = {tidytext: Text Mining and Analysis Using Tidy Data Principles in R},
    author = {Julia Silge and David Robinson},
    journal = {JOSS},
    year=2016,
  }

@inproceedings{glove,
  author = {Jeffrey Pennington and Richard Socher and Christopher D. Manning},
  booktitle = {EMNLP},
  title = {GloVe: Global Vectors for Word Representation},
  year = {2014},
}


@article{Schwartz13,
    author = {Schwartz, H. Andrew AND Eichstaedt, Johannes C. AND Kern, Margaret L. et al.},
    journal = {PLOS ONE},
    title = {Personality, Gender, and Age in the Language of Social Media: The Open-Vocabulary Approach},
    year = {2013},    
}

@book{Rudder2014,
 author = {Rudder, Christian},
 title = {Dataclysm: Who We Are (When We Think No One's Looking)},
 year = {2014},
 publisher = {Crown Publishing Group},
}
  @Book{ggplot2,
    author = {Hadley Wickham},
    title = {ggplot2: Elegant Graphics for Data Analysis},
    publisher = {Springer-Verlag New York},
    year = {2009},
  }

@article {Allen2015,
  author = {Allen, Genevera I. and Campbell, Frederick and Hu, Yue},
  title = {Comments on “visualizing statistical models”: Visualizing modern statistical methods for Big Data},
  journal = {Statistical Analysis and Data Mining: The ASA Data Science Journal},
  year = {2015},
}

@InProceedings{vennclouds,
  author    = {Coppersmith, Glen  and  Kelly, Erin},
  title     = {Dynamic Wordclouds and Vennclouds for Exploratory Data Analysis},
  booktitle = {ACL-ILLVI},
  year      = {2014}
}

@InProceedings{Bostock2012,
title = {At the National Conventions, the Words They Used},
author = "Mike Bostock and Shan Carter and Matthew Ericson",
booktitle = {The New York Times},
year = {2012},
}


@ARTICLE{Nelson2015,
   author = {{Nelson}, J. and {Quinn}, S. and {Swedberg}, B. and {Chu}, W. and 
	{MacEachren}, A.},
    title = "{Geovisual Analytics Approach to Exploring Public Political Discourse on Twitter}",
    year= 2015,
  journal = {ISPRS-IJGI},
 }

@article{colorbrewer,
author = {Mark Harrower and Cynthia A. Brewer},
title = {ColorBrewer.org: An Online Tool for Selecting Colour Schemes for Maps},
journal = {The Cartographic Journal},
year = {2003},
}


@article{Harris2011,
  title={Word clouds considered harmful},
  booktitle={Nieman Journalism Lab},
  author={Harris, Jacob}
}


     